<?xml version="1.0" encoding="UTF-8"?><record xmlns="http://www.loc.gov/MARC21/slim" xmlns:cinclude="http://apache.org/cocoon/include/1.0" xmlns:zs="http://www.loc.gov/zing/srw/">
  <leader>00504nz  a2200145n  4500</leader>
  <controlfield tag="001">n 2003071291</controlfield>
  <controlfield tag="003">DLC</controlfield>
  <controlfield tag="005">20030430091829.0</controlfield>
  <controlfield tag="008">030430n| acannaabn          |a aaa      </controlfield>
  <datafield tag="010" ind1=" " ind2=" ">
    <subfield code="a">n 2003071291</subfield>
  </datafield>
  <datafield tag="040" ind1=" " ind2=" ">
    <subfield code="a">DLC</subfield>
    <subfield code="b">eng</subfield>
    <subfield code="c">DLC</subfield>
  </datafield>
  <datafield tag="100" ind1="1" ind2=" ">
    <subfield code="a">Marcacci, Matteo</subfield>
  </datafield>
  <datafield tag="400" ind1="1" ind2=" ">
    <subfield code="a">Marcacci, M.</subfield>
    <subfield code="q">(Matteo)</subfield>
  </datafield>
  <datafield tag="670" ind1=" " ind2=" ">
    <subfield code="a">Marcacci, Matteo. Osservazioni sull'origine e progressi dell'arte d'istruire i sordo-muti dalla nascita, 1827:</subfield>
    <subfield code="b">p. [18] (S. M. Marcacci)</subfield>
  </datafield>
  <datafield tag="670" ind1=" " ind2=" ">
    <subfield code="a">ICCU, web site, 16 Apr. 2003</subfield>
    <subfield code="b">(hdg.: Marcacci, Matteo)</subfield>
  </datafield>
</record>